@ARTICLE{mapReduce,
	AUTHOR = "Ghazal Assadipour, Joerg Evermann",
	TITLE = "Big Data Meets Process Mining: Implementing the Alpha Algorithm with Map-
Reduce",
	JOURNAL = {ResearchGate Conferance},
	MONTH = "March",
	YEAR = {2014}	}

@misc{pads,
  author        = {RWTH Process and Data Science group},
  title = {http://www.pads.rwth-aachen.de/}
}

@misc{FIT,
  author        = {Fraunhofer FIT process mining group},
  title = {https://www.fit.fraunhofer.de/en/fb/risk/process-mining.html}
}

@misc{Hadoop,
  author = {APACHE hadoop},
  title = {http://hadoop.apache.org/docs/stable/}
}