@ARTICLE{mapReduce,
	AUTHOR = "Ghazal Assadipour, Joerg Evermann",
	TITLE = "Big Data Meets Process Mining: Implementing the Alpha Algorithm with Map-
Reduce",
	JOURNAL = {ResearchGate Conferance},
	MONTH = "March",
	YEAR = {2014}	}

@misc{pads,
  author        = {RWTH Process and Data Science group},
  title = {http://www.pads.rwth-aachen.de/}
}

@misc{ wiki:xxx,
	author = "{Wikipedia contributors}",
	title = "Scrum (software development) --- {Wikipedia}{,} The Free Encyclopedia",
	year = "2019",
	url = "https://en.wikipedia.org/w/index.php?title=Scrum_(software_development)&oldid=895310154",
	note = "[Online; accessed 12-May-2019]"
}
